<?xml version="1.0" encoding="utf-8"?>
<record xmlns="http://www.loc.gov/MARC21/slim" xmlns:xsi="http://www.w3.org/2001/XMLSchema-instance" xsi:schemaLocation="http://www.loc.gov/MARC21/slim http://www.loc.gov/standards/marcxml/schema/MARC21slim.xsd">
	<leader>     nam a22     Mi 4500</leader>
	<controlfield tag="001">611839</controlfield>
	<controlfield tag="003">NjP</controlfield>
	<controlfield tag="006">m        d        </controlfield>
	<controlfield tag="007">cr cn |||m|||a</controlfield>
	<controlfield tag="008">180814m19509999ir      o     000 0 ara d</controlfield>
	<datafield ind1="7" ind2=" " tag="024">
		<subfield code="a">princeton_aco000995</subfield>
		<subfield code="2">local</subfield>
	</datafield>
	<datafield ind1=" " ind2=" " tag="040">
		<subfield code="a">ZYU</subfield>
		<subfield code="b">eng</subfield>
		<subfield code="c">ZYU</subfield>
	</datafield>
	<datafield ind1=" " ind2="4" tag="050">
		<subfield code="a">BP130.4</subfield>
		<subfield code="b">.T33 1950</subfield>
	</datafield>
	<datafield ind1=" " ind2=" " tag="079">
		<subfield code="a">ocm82865043</subfield>
	</datafield>
	<datafield ind1="1" ind2=" " tag="100">
		<subfield code="6">880-01</subfield>
		<subfield code="a">Ṭabāṭabāʼī, Muḥammad Ḥusayn.</subfield>
	</datafield>
	<datafield ind1="1" ind2="0" tag="240">
		<subfield code="6">880-02</subfield>
		<subfield code="a">Mīzān fī tafsīr al-Qurʼān</subfield>
	</datafield>
	<datafield ind1="1" ind2="3" tag="245">
		<subfield code="6">880-03</subfield>
		<subfield code="a">al-Juzʼ al-awwal [-al-ʻishrūn] min kitāb al-Mīzān fī tafsīr al-Qurʼān</subfield>
		<subfield code="h">[electronic resource] /</subfield>
		<subfield code="c">li-muʼalifihi Muḥammad Ḥusayn al-Ṭabāṭabāʼī.</subfield>
	</datafield>
	<datafield ind1=" " ind2=" " tag="260">
		<subfield code="6">880-04</subfield>
		<subfield code="a">Qum :</subfield>
		<subfield code="b">Dār al-Kutub al-Islāmīyah,</subfield>
		<subfield code="c">[195-]-</subfield>
	</datafield>
	<datafield ind1=" " ind2=" " tag="300">
		<subfield code="a">online resource (v.)</subfield>
	</datafield>
	<datafield ind1=" " ind2=" " tag="500">
		<subfield code="a">Part of the Arabic Collections Online (ACO) project, contributed by Princeton University Libraries.</subfield>
	</datafield>
	<datafield ind1=" " ind2=" " tag="533">
		<subfield code="a">Electronic reproduction.</subfield>
		<subfield code="b">New York, N.Y. :</subfield>
		<subfield code="c">New York University,</subfield>
		<subfield code="d">2018.</subfield>
		<subfield code="5">NNU</subfield>
	</datafield>
	<datafield ind1="0" ind2="0" tag="630">
		<subfield code="a">Qurʼan</subfield>
		<subfield code="x">Commentaries.</subfield>
	</datafield>
	<datafield ind1="2" ind2=" " tag="710">
		<subfield code="a">Princeton University.</subfield>
		<subfield code="b">Library.</subfield>
	</datafield>
	<datafield ind1="0" ind2=" " tag="730">
		<subfield code="a">Arabic Collections Online.</subfield>
	</datafield>
	<datafield ind1="0" ind2="8" tag="776">
		<subfield code="i">Print version:</subfield>
		<subfield code="a">Ṭabāṭabāʼī, Muḥammad Ḥusayn.</subfield>
		<subfield code="t">al-Juzʼ al-awwal [-al-ʻishrūn] min kitāb al-Mīzān fī tafsīr al-Qurʼān</subfield>
		<subfield code="w">(NjP)611839</subfield>
	</datafield>
	<datafield ind1="4" ind2="0" tag="856">
		<subfield code="u">http://hdl.handle.net/2333.1/2jm644bs</subfield>
	</datafield>
	<datafield ind1="1" ind2=" " tag="880">
		<subfield code="6">100-01</subfield>
		<subfield code="a">طباطبائي، محمد حسين.‎</subfield>
	</datafield>
	<datafield ind1="1" ind2="0" tag="880">
		<subfield code="6">240-02</subfield>
		<subfield code="a">ميزان في تفسير القرآن‎</subfield>
	</datafield>
	<datafield ind1="1" ind2="2" tag="880">
		<subfield code="6">245-03</subfield>
		<subfield code="a">الجزء الاول [العشرون] من كتاب الميزان في تفسير القرآن /‎</subfield>
		<subfield code="c">لمؤلفه محمد حسين الطباطبائي.‎</subfield>
	</datafield>
	<datafield ind1=" " ind2=" " tag="880">
		<subfield code="6">260-04</subfield>
		<subfield code="a">قم :‎</subfield>
		<subfield code="b">دار الكتب الاسلامية،‎</subfield>
		<subfield code="c">[195-]-</subfield>
	</datafield>
	<datafield ind1=" " ind2=" " tag="911">
		<subfield code="a">19921028</subfield>
	</datafield>
	<datafield ind1=" " ind2=" " tag="912">
		<subfield code="a">19910104000000.0</subfield>
	</datafield>
	<datafield ind1=" " ind2=" " tag="959">
		<subfield code="a">NNU</subfield>
		<subfield code="b">WEB</subfield>
		<subfield code="c">GENI</subfield>
		<subfield code="t">0</subfield>
		<subfield code="m">Electronic access</subfield>
		<subfield code="s">01</subfield>
	</datafield>
	<datafield ind1=" " ind2=" " tag="999">
		<subfield code="a">611839</subfield>
		<subfield code="e">(ERROR-MISC)</subfield>
		<subfield code="i">NjP_611839</subfield>
		<subfield code="s">princeton_aco000944:v.1</subfield>
		<subfield code="s">princeton_aco000945:v.2</subfield>
		<subfield code="s">princeton_aco000946:v.3</subfield>
		<subfield code="s">princeton_aco000947:v.4</subfield>
		<subfield code="s">princeton_aco000948:v.5</subfield>
		<subfield code="s">princeton_aco000949:v.6</subfield>
		<subfield code="s">princeton_aco000950:v.7</subfield>
		<subfield code="s">princeton_aco000951:v.8</subfield>
		<subfield code="s">princeton_aco000952:v.9</subfield>
		<subfield code="s">princeton_aco000953:v.10</subfield>
		<subfield code="s">princeton_aco000954:v.11</subfield>
		<subfield code="s">princeton_aco000955:v.12</subfield>
		<subfield code="s">princeton_aco000941:v.13</subfield>
		<subfield code="s">princeton_aco000995</subfield>
		<subfield code="s">princeton_aco000996</subfield>
		<subfield code="s">princeton_aco000997</subfield>
		<subfield code="s">princeton_aco000998</subfield>
		<subfield code="s">princeton_aco000999</subfield>
		<subfield code="s">princeton_aco001056:v.19</subfield>
		<subfield code="s">princeton_aco001055:v.20</subfield>
	</datafield>
</record>
